<?xml version="1.0" encoding="UTF-8"?><record xmlns="http://www.loc.gov/MARC21/slim" xmlns:cinclude="http://apache.org/cocoon/include/1.0" xmlns:zs="http://www.loc.gov/zing/srw/">
  <leader>00411nz  a2200133n  4500</leader>
  <controlfield tag="001">nb2009012291</controlfield>
  <controlfield tag="003">DLC</controlfield>
  <controlfield tag="005">20090521075401.0</controlfield>
  <controlfield tag="008">090519n| acannaabn          |n ana      </controlfield>
  <datafield tag="010" ind1=" " ind2=" ">
    <subfield code="a">nb2009012291</subfield>
  </datafield>
  <datafield tag="035" ind1=" " ind2=" ">
    <subfield code="a">(Uk)007453419</subfield>
  </datafield>
  <datafield tag="040" ind1=" " ind2=" ">
    <subfield code="a">Uk</subfield>
    <subfield code="b">eng</subfield>
    <subfield code="c">Uk</subfield>
  </datafield>
  <datafield tag="110" ind1="2" ind2=" ">
    <subfield code="a">National and Local Government Officers Association (Great Britain).</subfield>
    <subfield code="b">Glamorgan Branch</subfield>
  </datafield>
  <datafield tag="670" ind1=" " ind2=" ">
    <subfield code="a">At your Service, 1965:</subfield>
    <subfield code="b">t.p. (Glamorgan Branch of NALGO)</subfield>
  </datafield>
</record>